<record><leader>00000cas a2200000 a 4500</leader><controlfield tag="001">18335474</controlfield><controlfield tag="008">880810c19839999nyuwr ne      0   a0eng c</controlfield><datafield ind1=" " ind2=" " tag="010"><subfield code="a">sn 90000401 </subfield></datafield><datafield ind1=" " ind2=" " tag="040"><subfield code="a">YBM</subfield><subfield code="b">eng</subfield><subfield code="c">YBM</subfield><subfield code="d">NSD</subfield><subfield code="d">NYS</subfield><subfield code="d">YOX</subfield><subfield code="d">OCL</subfield><subfield code="d">NYS</subfield><subfield code="d">OCLCQ</subfield><subfield code="d">OCLCF</subfield><subfield code="d">OCLCO</subfield></datafield><datafield ind1=" " ind2=" " tag="012"><subfield code="m">y</subfield></datafield><datafield ind1="0" ind2=" " tag="022"><subfield code="a">1051-4031</subfield><subfield code="l">1051-4031</subfield><subfield code="y">0745-8428</subfield><subfield code="2">1</subfield></datafield><datafield ind1="1" ind2=" " tag="029"><subfield code="a">AU@</subfield><subfield code="b">000020607457</subfield></datafield><datafield ind1=" " ind2=" " tag="032"><subfield code="a">696350</subfield><subfield code="b">USPS</subfield></datafield><datafield ind1=" " ind2=" " tag="037"><subfield code="b">Carib News Corp., 15 W. 39th St., New York, NY 10018</subfield></datafield><datafield ind1=" " ind2=" " tag="042"><subfield code="a">nsdp</subfield><subfield code="a">pcc</subfield></datafield><datafield ind1=" " ind2=" " tag="043"><subfield code="a">n-us-ny</subfield></datafield><datafield ind1="1" ind2="0" tag="082"><subfield code="a">071</subfield><subfield code="2">11</subfield></datafield><datafield ind1="0" ind2=" " tag="210"><subfield code="a">N.Y. Carib news</subfield></datafield><datafield ind1=" " ind2="4" tag="222"><subfield code="a">The New York Carib news</subfield></datafield><datafield ind1="0" ind2="4" tag="245"><subfield code="a">The New York Carib news.</subfield></datafield><datafield ind1="1" ind2="0" tag="246"><subfield code="a">Carib news</subfield></datafield><datafield ind1="1" ind2="7" tag="246"><subfield code="a">Carib news, N.Y.</subfield></datafield><datafield ind1=" " ind2=" " tag="260"><subfield code="a">New York, N.Y. :</subfield><subfield code="b">Carib News Corp.</subfield></datafield><datafield ind1=" " ind2=" " tag="300"><subfield code="a">v. :</subfield><subfield code="b">ill. ;</subfield><subfield code="c">39 cm.</subfield></datafield><datafield ind1=" " ind2=" " tag="310"><subfield code="a">Weekly</subfield></datafield><datafield ind1="0" ind2=" " tag="362"><subfield code="a">Vol. 1, no. 25 (Jan. 11, 1983)-</subfield></datafield><datafield ind1=" " ind2=" " tag="500"><subfield code="a">"The weekly voice of the Caribbean-American community."</subfield></datafield><datafield ind1=" " ind2=" " tag="500"><subfield code="a">Contains supplements.</subfield></datafield><datafield ind1=" " ind2=" " tag="530"><subfield code="a">Available on microfilm at New York Public Library (Schomburg Center for Research in Black Culture).</subfield></datafield><datafield ind1=" " ind2=" " tag="588"><subfield code="a">Latest issue consulted: Vol. 29, no. 965 (Apr. 25-May 1, 2001).</subfield></datafield><datafield ind1=" " ind2="0" tag="650"><subfield code="a">Caribbean Americans</subfield><subfield code="z">New York (State)</subfield><subfield code="z">New York</subfield><subfield code="v">Newspapers.</subfield></datafield><datafield ind1=" " ind2="0" tag="650"><subfield code="a">Caribbean Americans</subfield><subfield code="z">United States</subfield><subfield code="v">Newspapers.</subfield></datafield><datafield ind1=" " ind2="0" tag="651"><subfield code="a">New York (N.Y.)</subfield><subfield code="v">Newspapers.</subfield></datafield><datafield ind1=" " ind2="0" tag="651"><subfield code="a">New York County (N.Y.)</subfield><subfield code="v">Newspapers.</subfield></datafield><datafield ind1=" " ind2="7" tag="655"><subfield code="a">Newspapers.</subfield><subfield code="2">fast</subfield><subfield code="0">(OCoLC)fst01423814</subfield></datafield><datafield ind1=" " ind2="7" tag="650"><subfield code="a">Caribbean Americans.</subfield><subfield code="2">fast</subfield><subfield code="0">(OCoLC)fst00847445</subfield></datafield><datafield ind1=" " ind2="7" tag="651"><subfield code="a">New York (State)</subfield><subfield code="z">New York.</subfield><subfield code="2">fast</subfield><subfield code="0">(OCoLC)fst01204333</subfield></datafield><datafield ind1=" " ind2="7" tag="651"><subfield code="a">New York (State)</subfield><subfield code="z">New York County.</subfield><subfield code="2">fast</subfield><subfield code="0">(OCoLC)fst01234953</subfield></datafield><datafield ind1=" " ind2="7" tag="651"><subfield code="a">United States.</subfield><subfield code="2">fast</subfield><subfield code="0">(OCoLC)fst01204155</subfield></datafield><datafield ind1=" " ind2=" " tag="752"><subfield code="a">United States</subfield><subfield code="b">New York</subfield><subfield code="c">New York</subfield><subfield code="d">New York.</subfield></datafield><datafield ind1="0" ind2="0" tag="780"><subfield code="t">Carib news weekly</subfield><subfield code="x">0745-8428</subfield><subfield code="w">(DLC)sn 83007785</subfield><subfield code="w">(OCoLC)9502968</subfield></datafield><datafield ind1="4" ind2="1" tag="856"><subfield code="u">http://www.nycaribnews.com</subfield></datafield></record>